<?xml version="1.0" encoding="UTF-8"?><record xmlns="http://www.loc.gov/MARC21/slim" xmlns:cinclude="http://apache.org/cocoon/include/1.0" xmlns:zs="http://www.loc.gov/zing/srw/">
  <leader>00460nz  a2200133n  4500</leader>
  <controlfield tag="001">no 99016373 </controlfield>
  <controlfield tag="003">DLC</controlfield>
  <controlfield tag="005">19990309114845.0</controlfield>
  <controlfield tag="008">990308n| acannaab|          |n aaa     c</controlfield>
  <datafield tag="010" ind1=" " ind2=" ">
    <subfield code="a">no 99016373 </subfield>
  </datafield>
  <datafield tag="035" ind1=" " ind2=" ">
    <subfield code="a">(OCoLC)oca04937626 </subfield>
  </datafield>
  <datafield tag="040" ind1=" " ind2=" ">
    <subfield code="a">MBU-T</subfield>
    <subfield code="c">MBU-T</subfield>
  </datafield>
  <datafield tag="100" ind1="1" ind2="0">
    <subfield code="a">Deegan, John E.</subfield>
  </datafield>
  <datafield tag="670" ind1=" " ind2=" ">
    <subfield code="a">Day by day with Thomas of Villanova, O.S.A., 1997:</subfield>
    <subfield code="b">dedicatory leaf [p. 5] (To John E. Deegan ... Thirty-fifth Prior Provincial Province of St. Thomas of Villanova ...)</subfield>
  </datafield>
</record>